@online{idata2505,
    author = {NTNU},
    title = {IDATA2505 - Studiepoenggivende praksis},
    url = {https://www.ntnu.no/studier/emner/IDATA2505#tab=omEmnet},
    addendum = {(accessed: 18.11.2024)}
}

@online{agicap_abc,
    author = {Dr. Nirmalarajah Asokan},
    title = {The what and why of Activity-Based Costing (ABC)},
    url = {https://agicap.com/en/article/activity-based-costing/},
    addendum = {(accessed: 24.11.2024)}
}

@book{bluej,
    author = {David J. Barnes og Michael Kölling},
    title = {Objects First With Java - A Practical Introduction using BlueJ},
    edition = {Sixth},
    publisher = {Pearson},
    year = {2016},
    isbn = {9781292159041}
}

@book{introduksjon_til_interaksjonsdesign,
    author = {Tone Nordbø},
    title = {Introduksjon til interaksjonsdesign},
    edition = {2.},
    publisher = {Universitetsforlaget},
    year = {2022},
    isbn = {9788215060927}
}

@book{engineering_software_products,
    author = {Ian Sommerville},
    title = {Engineering Software Products - An Introduction to Modern Software Engineering},
    edition = {1.},
    publisher = {Pearson},
    year = {2019},
    isbn = {9780135210642}
}